@article{jin2023time,
  title={Time-llm: Time series forecasting by reprogramming large language models},
  author={Jin, Ming and Wang, Shiyu and Ma, Lintao and Chu, Zhixuan and Zhang, James Y and Shi, Xiaoming and Chen, Pin-Yu and Liang, Yuxuan and Li, Yuan-Fang and Pan, Shirui and others},
  journal={arXiv preprint arXiv:2310.01728},
  year={2023}
}

@article{ansari2024chronos,
  title={Chronos: Learning the language of time series},
  author={Ansari, Abdul Fatir and Stella, Lorenzo and Turkmen, Caner and Zhang, Xiyuan and Mercado, Pedro and Shen, Huibin and Shchur, Oleksandr and Rangapuram, Syama Sundar and Arango, Sebastian Pineda and Kapoor, Shubham and others},
  journal={arXiv preprint arXiv:2403.07815},
  year={2024}
}
@article{ansari2024chronos_github,
  title={Chronos: Learning the Language of Time Series},
  author={Ansari, Abdul Fatir and Stella, Lorenzo and Turkmen, Caner and Zhang, Xiyuan, and Mercado, Pedro and Shen, Huibin and Shchur, Oleksandr and Rangapuram, Syama Syndar and Pineda Arango, Sebastian and Kapoor, Shubham and Zschiegner, Jasper and Maddix, Danielle C. and Mahoney, Michael W. and Torkkola, Kari and Gordon Wilson, Andrew and Bohlke-Schneider, Michael and Wang, Yuyang},
  journal={Transactions on Machine Learning Research},
  issn={2835-8856},
  year={2024},
  url={https://openreview.net/forum?id=gerNCVqqtR}
}

@BOOK{Francois,
  author={Chollet, Francois},
  title={Deep Learning with Python, Second Edition},
  year={2021},
  volume={},
  number={},
  pages={280-308},
  abstract={Printed in full color! Unlock the groundbreaking advances of deep learning with this extensively revised new edition of the bestselling original. Learn directly from the creator of Keras and master practical Python deep learning techniques that are easy to apply in the real world. In Deep Learning with Python, Second Edition you will learn:  Deep learning from first principles Image classification and image segmentation Timeseries forecasting Text classification and machine translation Text generation, neural style transfer, and image generation Printed in full color throughout  Deep Learning with Python has taught thousands of readers how to put the full capabilities of deep learning into action. This extensively revised full color second edition introduces deep learning using Python and Keras, and is loaded with insights for both novice and experienced ML practitioners. You’ll learn practical techniques that are easy to apply in the real world, and important theory for perfecting neural networks.},
  keywords={deep learning;python;machine learning;Keras;TensorFlow;computer vision;natural language processing;generative models},
  doi={},
  ISSN={},
  publisher={Manning},
  isbn={9781617296864},
  url={https://ieeexplore.ieee.org/document/10280481},}

@misc{garza2023timegpt1,
      title={TimeGPT-1},
      author={Azul Garza and Max Mergenthaler-Canseco},
      year={2023},
      eprint={2310.03589},
      archivePrefix={arXiv},
      primaryClass={cs.LG}
}

@misc{garza2024timegpt1,
      title={TimeGPT-1}, 
      author={Azul Garza and Cristian Challu and Max Mergenthaler-Canseco},
      year={2024},
      eprint={2310.03589},
      archivePrefix={arXiv},
      primaryClass={cs.LG},
      url={https://arxiv.org/abs/2310.03589}, 
}

@inproceedings{choi,
author = {Choi, Jae-Ho and Kim, Ji-Eun and Jeong, Nam-Hoon and Kim, Kyung-Tae and Jin, Seung-Hyun},
year = {2020},
month = {09},
pages = {1-5},
title = {Accurate People Counting Based on Radar: Deep Learning Approach},
doi = {10.1109/RadarConf2043947.2020.9266496}
}

@article{garg2022machine,
  title={Machine learning algorithms for time series analysis and forecasting},
  author={Garg, Rameshwar and Barpanda, Shriya and others},
  journal={arXiv preprint arXiv:2211.14387},
  year={2022}
}

@article{tan2024language,
  title={Are language models actually useful for time series forecasting?},
  author={Tan, Mingtian and Merrill, Mike and Gupta, Vinayak and Althoff, Tim and Hartvigsen, Tom},
  journal={Advances in Neural Information Processing Systems},
  volume={37},
  pages={60162--60191},
  year={2024}
}

######################

@book{box1970time,
  title={Time Series Analysis: Forecasting and Control},
  author={Box, George E.P. and Jenkins, Gwilym M.},
  year={1970},
  publisher={Holden-Day}
}

@manual{hyndman2015forecasting,
  title={Forecasting: Principles and Practice},
  author={Hyndman, Rob J. and Athanasopoulos, George},
  edition={2nd},
  note={Online at robjhyndman.com}
}

@article{kaloudi2023review,
  title={A Review of ARIMA vs. Machine Learning Approaches for Time Series Forecasting},
  author={Kaloudi, et al.},
  journal={Future Internet},
  year={2023},
  volume={15}, number={8}, pages={255}
}

@article{li2023survey,
  title={A Survey of Machine Learning Methods for Time Series Prediction},
  author={Li, et al.},
  journal={Applied Sciences},
  year={2023}, volume={15}, number={11}, pages={5957}
}

@article{smith2023compare,
  title={Comparing statistical and machine learning methods for time series forecasting},
  author={Smith, et al.},
  journal={arXiv preprint 2303.07139},
  year={2023}
}

@article{lim2020deep,
  title={Time Series Forecasting With Deep Learning: A Survey},
  author={Lim, Bryan and Zohren, Stefan},
  journal={Philosophical Transactions A},
  year={2020}, note={arXiv:2004.13408}
}

@article{benitez2021experimental,
  title={An Experimental Review on Deep Learning Architectures for Time Series Forecasting},
  author={Lara-Benítez, Pedro and Carranza-García, Manuel and Riquelme, José C.},
  journal={arXiv preprint 2103.12057},
  year={2021}
}

@article{ghojogh2023rnnsurvey,
  title={Recurrent Neural Networks and Long Short-Term Memory Networks: Tutorial and Survey},
  author={Ghojogh, Benyamin and Ghodsi, Ali},
  journal={arXiv preprint arXiv:2304.11461},
  year={2023}
}

@article{mdpi2021gradient,
  title={Analysis of Gradient Vanishing of RNNs and Performance Comparison},
  author={Kim, et al.},
  journal={Information},
  year={2021},
  volume={12},
  number={11},
  pages={442}
}

@article{neptune2019rnn,
  title={ARIMA vs Prophet vs LSTM for Time Series Prediction},
  author={Neptune.ai blog},
  year={2019}
}

@article{lstm_hydrology2024,
  title={A Critical Review of RNN and LSTM Variants in Hydrological Time Series Predictions},
  author={Author et al.},
  journal={Hydrology and Earth System Sciences},
  year={2024}
}

@article{researchgate2024sales,
  title={Sales Forecasting Models: Comparison between ARIMA, LSTM and Prophet},
  author={Brykin, et al.},
  journal={Journal of Computer Science},
  year={2024},
  volume={20}, number={10}, pages={1222--1230}
}

@article{siami2018arima_vs_lstm,
  title={Forecasting Economics and Financial Time Series: ARIMA vs. LSTM},
  author={Siami‐Namini, Sima and Siami Namin, Akbar},
  journal={arXiv preprint arXiv:1803.06386},
  year={2018}
}

