@article{xie2023ir,
  title={Efficient Deep Learning Models for Privacy-Preserving People Counting on Low-Resolution Infrared Arrays},
  author={Xie CDaghero FChen YCastellano MGandolfi LCalimera AMacIi EPoncino MJahier Pagliari D},
  journal={IEEE Internet of Things Journal},
  year={2023}
}

@article{cokbas2020,
  title={Low-Resolution Overhead Thermal Tripwire for Occupancy Estimation},
  author={Mertcan Cokbas, Prakash Ishwar, Janusz Konrad},
  year={2020},
  publisher={IEEE/CVF}
}

@article{ir-uwm,
    author = {Ange Joel Nounga Njanda and Jocelyn Edinio Zacko Gbadoubissa and Emanuel Radoi and Ado Adamou Abba Ari and Roua Youssef and Aminou Halidou},
    title = {People counting using IR-UWB radar sensors and machine learning techniques},
    journal = {ELSEVIER},
    year = {2024}
}

@article{robust,
    author = {Fatih Erden, Ali Ziya Alkar, Ahmet Enis Cetin},
    title = {A robust system for counting people using an infrared sensor and a camera},
    journal = {ELSEVIER},
    year = {2015}
}